<record><leader>00000cas a22000007a 4500</leader><controlfield tag="001">34744591</controlfield><controlfield tag="008">960516d190u19uuokuwr n       0    0eng d</controlfield><datafield ind1=" " ind2=" " tag="010"><subfield code="a">sn 96087762 </subfield></datafield><datafield ind1=" " ind2=" " tag="040"><subfield code="a">OBN</subfield><subfield code="b">eng</subfield><subfield code="c">OBN</subfield><subfield code="d">OCLCQ</subfield><subfield code="d">OCLCO</subfield></datafield><datafield ind1="1" ind2=" " tag="029"><subfield code="a">AU@</subfield><subfield code="b">000025921840</subfield></datafield><datafield ind1=" " ind2=" " tag="042"><subfield code="a">msc</subfield></datafield><datafield ind1=" " ind2=" " tag="043"><subfield code="a">n-us-ok</subfield></datafield><datafield ind1="0" ind2="4" tag="245"><subfield code="a">The Clarksville echo.</subfield></datafield><datafield ind1="3" ind2=" " tag="246"><subfield code="a">Echo</subfield></datafield><datafield ind1=" " ind2=" " tag="260"><subfield code="a">Clarksville, I.T. [Okla.] :</subfield><subfield code="b">Echo Pub. Co.</subfield></datafield><datafield ind1=" " ind2=" " tag="300"><subfield code="a">v.</subfield></datafield><datafield ind1=" " ind2=" " tag="310"><subfield code="a">Weekly</subfield></datafield><datafield ind1=" " ind2=" " tag="588"><subfield code="a">Description based on: Vol. 1, no. 31 (Apr. 1, 1905).</subfield></datafield><datafield ind1=" " ind2="0" tag="650"><subfield code="a">African American newspapers</subfield><subfield code="z">Oklahoma.</subfield></datafield><datafield ind1=" " ind2="0" tag="651"><subfield code="a">Clarksville (Okla.)</subfield><subfield code="v">Newspapers.</subfield></datafield><datafield ind1=" " ind2="0" tag="651"><subfield code="a">Wagoner County (Okla.)</subfield><subfield code="v">Newspapers.</subfield></datafield><datafield ind1=" " ind2=" " tag="752"><subfield code="a">United States</subfield><subfield code="b">Oklahoma</subfield><subfield code="c">Wagoner</subfield><subfield code="d">Clarksville.</subfield></datafield><datafield ind1="0" ind2="0" tag="780"><subfield code="a">Wagoner echo</subfield><subfield code="w">(DLC)sn 96087761</subfield><subfield code="w">(OCoLC)34744482</subfield></datafield></record>